%% This BibTeX bibliography file was created using BibDesk.
%% http://bibdesk.sourceforge.net/

%% Created for Dennis Madsen at 2018-05-11 15:58:13 +0200 


%% Saved with string encoding Unicode (UTF-8) 



@article{blanz1999morphable,
	Author = {Blanz, Volker and Vetter, Thomas},
	Booktitle = {Proceedings of the 26th annual conference on Computer graphics and interactive techniques},
	Journal = {Proceedings of the 26th annual conference on Computer graphics and interactive techniques},
	Organization = {ACM Press/Addison-Wesley Publishing Co.},
	Pages = {187--194},
	Title = {A morphable model for the synthesis of 3D faces},
	Year = {1999}}
