%% This BibTeX bibliography file was created using BibDesk.
%% http://bibdesk.sourceforge.net/

%% Created for Dennis Madsen at 2019-10-02 11:48:46 +0200 


%% Saved with string encoding Unicode (UTF-8) 



@article{albrecht_posterior_2013,
	Author = {Albrecht, Thomas and L{\"u}thi, Marcel and Gerig, Thomas and Vetter, Thomas},
	Date-Added = {2019-10-02 09:42:31 +0000},
	Date-Modified = {2019-10-02 09:42:31 +0000},
	Journal = {Medical image analysis},
	Publisher = {Elsevier},
	Title = {Posterior shape models},
	Year = {2013}}

@article{blanz1999morphable,
	Author = {Blanz, Volker and Vetter, Thomas},
	Booktitle = {Proceedings of the 26th annual conference on Computer graphics and interactive techniques},
	Journal = {Proceedings of the 26th annual conference on Computer graphics and interactive techniques},
	Organization = {ACM Press/Addison-Wesley Publishing Co.},
	Pages = {187--194},
	Title = {A morphable model for the synthesis of 3D faces},
	Year = {1999}}
